@article{taaa021,
    author = {Liu, Ying and Gayle, Albert A and Wilder-Smith, Annelies and Rocklöv, Joacim},
    title = {The reproductive number of COVID-19 is higher compared to SARS coronavirus},
    journal = {Journal of Travel Medicine},
    volume = {27},
    number = {2},
    year = {2020},
    month = {02},
    issn = {1195-1982},
    doi = {10.1093/jtm/taaa021},
    url = {https://doi.org/10.1093/jtm/taaa021}
}

@article{ap08746,
	author = {Alberto Abadie and Alexis Diamond and Jens Hainmueller},
	title = {Synthetic Control Methods for Comparative Case Studies: Estimating the Effect of California’s Tobacco Control Program},
	journal = {Journal of the American Statistical Association},
	volume = {105},
	number = {490},
	pages = {493-505},
	year  = {2010},
	publisher = {Taylor & Francis},
	doi = {10.1198/jasa.2009.ap08746}	
}

@article{JMLR18,
	author  = {Muhammad Amjad and Devavrat Shah and Dennis Shen},
	title   = {Robust Synthetic Control},
	journal = {Journal of Machine Learning Research},
	year    = {2018},
	volume  = {19},
	number  = {22},
	pages   = {1-51},
	url     = {http://jmlr.org/papers/v19/17-777.html}
}
